@InProceedings{wright1932roles,
  author    = {Wright, S},
  booktitle = {Proceedings of the sixth international congress of Genetics},
  title     = {The roles of mutation, inbreeding, crossbreeding and selection in evolution},
  year      = {1932},
  pages     = {356--366},
  volume    = {1},
}

@Article{casey2020theory,
  author    = {Casey, Michael J. and Stumpf, Patrick S. and MacArthur, Ben D.},
  journal   = {WIREs Systems Biology and Medicine},
  title     = {Theory of cell fate},
  year      = {2019},
  issn      = {1939-005X},
  month     = dec,
  number    = {2},
  pages     = {e1471},
  volume    = {12},
  doi       = {10.1002/wsbm.1471},
  publisher = {Wiley},
}

@Article{ou2012does,
  author    = {Ou, Shuo-Ming and Lee, Yi-Jung and Hu, Yu-Wen and Liu, Chia-Jen and Chen, Tzeng-Ji and Fuh, Jong-Ling and Wang, Shuu-Jiun},
  journal   = {Neuroepidemiology},
  title     = {Does Alzheimerâ€™s Disease Protect against Cancers? A Nationwide Population-Based Study},
  year      = {2012},
  issn      = {1423-0208},
  month     = oct,
  number    = {1},
  pages     = {42--49},
  volume    = {40},
  doi       = {10.1159/000341411},
  publisher = {S. Karger AG},
}

@Comment{jabref-meta: databaseType:bibtex;}
